@book{boarnet_travel_2001,
    address = {Oxford, England},
    title = {Travel by {Design}: {The} {Influence} of {Urban} {Form} on {Travel}},
    isbn = {978-0-19-512395-1},
    language = {English},
    publisher = {Oxford University Press},
    author = {Boarnet, Marlon G. and Crane, Randall},
    year = {2001}
}

@article{boeing_new_2017,
    title = {New {Insights} into {Rental} {Housing} {Markets} across the {United} {States}: {Web} {Scraping} and {Analyzing} {Craigslist} {Rental} {Listings}},
    volume = {37},
    shorttitle = {New {Insights} into {Rental} {Housing} {Markets} across the {United} {States}},
    doi = {10.1177/0739456X16664789},
    number = {4},
    journal = {Journal of Planning Education and Research},
    author = {Boeing, Geoff and Waddell, Paul},
    year = {2017},
    pages = {457--476}
}
